
@book{leplay1874,
	title = {La réforme sociale en France : déduite de l'observation comparée des peuples européens.},
	author = {Le Play, {Frédéric}},
	year = {1874},
	date = {1874},
	publisher = {Alfred Mame et fils},
	volume = {1},
	url = {https://gallica.bnf.fr/ark:/12148/bpt6k209942s},
	address = {Tours}
}
