
@book{dubois2021,
	title = {Contrôler les assistés: genèses et usages d'un mot d'ordre},
	author = {Dubois, Vincent},
	year = {2021},
	date = {2021},
	publisher = {Raisons d'agir},
	series = {Cours & travaux},
	address = {Paris},
	langid = {fre}
}

@book{sutherland1983,
	title = {White collar crime},
	author = {Sutherland, Edwin Hardin},
	year = {1983},
	date = {1983},
	publisher = {Greenwood Press},
	address = {Westport, Conn}
}

@book{sutherland1983,
	title = {White collar crime},
	author = {Sutherland, Edwin Hardin},
	year = {1983},
	date = {1983},
	publisher = {Greenwood Press},
	address = {Westport, Conn}
}

@book{lascoumes1997,
	title = {Elites irrégulières: essai sur la délinquance d'affaires},
	author = {Lascoumes, Pierre},
	year = {1997},
	date = {1997},
	publisher = {Gallimard},
	address = {Paris},
	langid = {fre}
}

@book{piketty2013,
	title = {Le capital au XXIe siècle},
	author = {Piketty, Thomas},
	year = {2013},
	date = {2013},
	publisher = {Éd. du Seuil},
	series = {Les livres du nouveau monde},
	address = {Paris},
	langid = {fre}
}

@book{spire2012,
	title = {Faibles et puissants face à l'impôt},
	author = {Spire, Alexis},
	year = {2012},
	date = {2012},
	publisher = {Raisons d'agir éd},
	address = {Paris},
	langid = {fre}
}

@book{lenoir2003,
	title = {Généalogie de la morale familiale},
	author = {Lenoir, {Rémi}},
	year = {2003},
	date = {2003},
	publisher = {Seuil},
	series = {Collection Liber},
	url = {http://banq.pretnumerique.ca/accueil/isbn/9782021009064},
	note = {OCLC: 937850668
tex.ids= lenoirGenealogieMoraleFamiliale2003},
	address = {Paris},
	langid = {French}
}

@article{rault2007,
	title = {Entre droit et symbole. Les usages sociaux du pacte civil de solidarité},
	author = {Rault, Wilfried},
	year = {2007},
	date = {2007},
	journal = {Revue française de sociologie},
	pages = {555--586},
	volume = {48},
	number = {3},
	doi = {10.3917/rfs.483.0555},
	url = {https://www.cairn.info/revue-francaise-de-sociologie-1-2007-3-page-555.htm},
	note = {Place: Paris
Publisher: Éditions Ophrys},
	langid = {fr}
}

@article{frémeaux2019,
	title = {Individualisation du patrimoine au sein des couples : quels enjeux pour la fiscalité ?},
	author = {{Frémeaux}, Nicolas and Leturcq, Marion},
	year = {2019},
	month = {08},
	date = {2019-08-01},
	journal = {Revue de l'OFCE},
	pages = {145--175},
	volume = {N° 161},
	number = {1},
	url = {https://www.cairn.info/revue-de-l-ofce-2019-1-page-145.htm},
	langid = {fr}
}

@book{théry1993,
	title = {Le démariage: justice et vie privée},
	author = {{Théry}, {Irène}},
	year = {1993},
	date = {1993},
	publisher = {Editions O. Jacob},
	address = {Paris}
}

@book{théry1993,
	title = {Les recompositions familiales aujourd'hui},
	author = {{Théry}, {Irène} and Meulders-Klein, {Marie-Thérèse}},
	year = {1993},
	date = {1993},
	publisher = {Nathan},
	note = {tex.ids= meulders-kleinRecompositionsFamilialesAujourd1993
ISSN: 1243-051X
pages: 256{\textendash}279},
	address = {Paris},
	langid = {fr}
}

@article{chatain,
	title = {Divorce : à la recherche de l{\textquoteright}équité fiscale},
	author = {Chatain, Lise},
	pages = {21},
	langid = {fr}
}

@article{chatain2020,
	title = {Divorce : à la recherche de l{\textquoteright}équité fiscale},
	author = {Chatain, Lise},
	year = {2020},
	date = {2020},
	pages = {21},
	langid = {fr}
}

@article{théry1987,
	title = {Remariages et familles composées : des évidences aux incertitudes},
	author = {{Théry}, {Irène}},
	year = {1987},
	date = {1987},
	journal = {L'Année sociologique (1940/1948-)},
	pages = {119--152},
	volume = {37},
	url = {http://www.jstor.org/stable/23480563},
	note = {tex.ids= theryRemariagesFamillesComposees1987
publisher: Presses Universitaires de France}
}

@techreport{coursdescomptes3023,
	title = {La prise en compte famille dans fiscalite},
	author = {Cours des comptes, },
	year = {3023},
	date = {3023},
	url = {https://www.ccomptes.fr/sites/default/files/2023-10/20231017-S2023-0839-Prise-en-compte-famille-dans-fiscalite_0.pdf}
}

@article{dubois2020,
	title = {La « fraude sociale » en questions. La naturalisation d{\textquoteright}une thématique politique au prisme des questions à l{\textquoteright}assemblée nationale (1986-2017)},
	author = {Dubois, Vincent and Lieutaud, Marion},
	year = {2020},
	date = {2020},
	journal = {Revue française de science politique},
	pages = {341--371},
	volume = {70},
	number = {3-4},
	doi = {10.3917/rfsp.703.0341},
	url = {https://www.cairn.info/revue-francaise-de-science-politique-2020-3-4-page-341.htm},
	note = {Place: Paris
Publisher: Presses de Sciences Po},
	langid = {fr}
}

@book{durkheim1893,
	title = {De la division du travail social},
	author = {Durkheim, {Émile}},
	year = {1893},
	date = {1893},
	publisher = {Presses Universitaires de France},
	url = {https://www.cairn.info/de-la-division-du-travail-social--9782130619574.htm},
	address = {Paris},
	langid = {fr}
}

@article{bourdieu1986,
	title = {La force du droit},
	author = {Bourdieu, Pierre},
	year = {1986},
	date = {1986},
	journal = {Actes de la Recherche en Sciences Sociales},
	pages = {3--19},
	volume = {64},
	number = {1},
	doi = {10.3406/arss.1986.2332},
	url = {https://www.persee.fr/doc/arss_0335-5322_1986_num_64_1_2332},
	langid = {fre}
}

@inbook{bereni2008,
	title = {La dichotomie {"}public-privé{"} à l'épreuve des critiques féministes: de la théorie à l'action publique},
	author = {Muller, Pierre and Senac-Slawinski, {Réjane}},
	year = {2008},
	date = {2008},
	series = {Logiques politiques},
	edition = {L'Harmattan},
	url = {https://shs.hal.science/halshs-02353855},
	langid = {fr}
}

@article{spire2011,
	title = {La domestication de l'impôt par les classes dominantes},
	author = {Spire, Alexis},
	year = {2011},
	date = {2011},
	journal = {Actes de la recherche en sciences sociales},
	pages = {58--71},
	volume = {n° 190},
	number = {5},
	url = {https://www.cairn.info/revue-actes-de-la-recherche-en-sciences-sociales-2011-5-page-58.htm},
	note = {tex.ids= spireDomesticationImpotPar2011a
place: Paris
publisher: Le Seuil},
	langid = {fr}
}

@article{bessière2022,
	title = {Les arrangements de famille},
	author = {{Bessière}, {Céline}},
	year = {2022},
	date = {2022},
	journal = {Archives de Philosophie},
	pages = {29--49},
	volume = {Tome 85},
	number = {4},
	doi = {10.3917/aphi.854.0029},
	url = {https://www.cairn.info/revue-archives-de-philosophie-2022-4-page-29.htm},
	langid = {fr}
}

@article{carbonnier2021,
	title = {Imposition jointe des revenus et emploi des femmes mariées: estimation à partir du cas français},
	author = {Carbonnier, {Clément}},
	year = {2021},
	date = {2021},
	journal = {Revue économique},
	pages = {215--244},
	volume = {72},
	number = {2},
	url = {https://www.jstor.org/stable/26983682},
	note = {Publisher: Sciences Po University Press}
}

@book{becker1998,
	title = {A treatise on the family},
	author = {Becker, Gary Stanley},
	year = {1998},
	date = {1998},
	publisher = {Harvard Univ. Press},
	edition = {Enl. ed., 1. paperback ed., 4. print},
	address = {Cambridge, Mass.},
	langid = {eng}
}

@article{gauthier1997,
	title = {Family Benefits and Fertility: An Econometric Analysis},
	author = {Gauthier, {Anne Hélène} and Hatzius, Jan},
	year = {1997},
	month = {11},
	date = {1997-11-01},
	journal = {Population Studies},
	pages = {295--306},
	volume = {51},
	number = {3},
	doi = {10.1080/0032472031000150066},
	url = {https://doi.org/10.1080/0032472031000150066},
	note = {Publisher: Routledge
{\_}eprint: https://doi.org/10.1080/0032472031000150066}
}

@book{bessière2020,
	title = {Le genre du capital. Comment la famille reproduit les inégalités},
	author = {{Bessière}, {Céline} and Gollac, Sibylle},
	year = {2020},
	date = {2020},
	publisher = {La Découverte},
	series = {SH / L'envers des faits},
	url = {https://www.cairn.info/le-genre-du-capital--9782348044380.htm},
	address = {Paris},
	langid = {FR}
}
