
@article{martin-papineau2003,
	title = {La construction paradoxale d{\textquoteright}un problème politique: l{\textquoteright}exemple des familles monoparentales (1968 - 1988)},
	author = {Martin-Papineau, Nathalie},
	year = {2003},
	date = {2003},
	journal = {Revue des politiques sociales et familiales},
	pages = {7--20},
	volume = {72},
	number = {1},
	doi = {10.3406/caf.2003.1983},
	url = {https://www.persee.fr/doc/caf_1149-1590_2003_num_72_1_1983},
	note = {Publisher: Persée - Portail des revues scientifiques en SHS},
	langid = {fre}
}

@book{leplay1874,
	title = {La réforme sociale en France : déduite de l'observation comparée des peuples européens.},
	author = {Le Play, {Frédéric}},
	year = {1874},
	date = {1874},
	publisher = {Alfred Mame et fils},
	volume = {1},
	url = {https://gallica.bnf.fr/ark:/12148/bpt6k209942s},
	address = {Tours}
}

@inbook{durkheim1975,
	title = {La famille conjugale},
	author = {Durkheim, Emile},
	year = {1975},
	date = {1975},
	publisher = {Les Éditions de Minuit},
	pages = {35--49},
	series = {Le sens commun.},
	address = {Paris}
}

@book{parsons1968,
	title = {The structure of social action. 2: Weber},
	author = {Parsons, Talcott},
	year = {1968},
	date = {1968},
	publisher = {Free Press},
	edition = {Nachdr.},
	address = {New York},
	langid = {eng}
}
